%http://www.ode.org/old_list_archives/2002-April/005189.html

@inbook{hanna_parry, 
place={Boston}, 
title={NAFEMS World Congress}, 
url={http://s3.mentor.com/public_documents/whitepaper/resources/mentorpaper_90428.pdf}, 
booktitle={Back to the Future: Trends in Commercial CFD}, 
publisher={Mentor Graphics Corporation, Mechanical Analysis Division}, 
author={Hanna, Keith and Parry, John}}

@misc{scientific_computing_world_2017,
title={Engineering simulation: past, present and future},
url={https://www.scientific-computing.com/feature/engineering-simulation-past-present-and-future},
journal={Scientific Computing World},
publisher={Europa Science},
year={2017},
month={Apr}}

@misc{harlow_2003,
series={1},
title={Fluid dynamics in Group T-3 Los Alamos National Laboratory q (LA-UR-03-3852)},
volume={ 195},
number={1},
journal={Journal of Computational Physics},
author={Harlow, Francis H},
year={2003},
month={Sep},
pages={414–433},
collection={1}}

@misc{launder_spalding_1974,
title={The Numerical Computation Of Turbulent Flows},
DOI={10.1016/b978-0-08-030937-8.50016-7},
journal={Numerical Prediction of Flow, Heat Transfer, Turbulence and Combustion},
author={Launder, B.e. and Spalding, D.b.},
year={1974},
month={Mar},
pages={96–116}}

@misc{patankar_spalding_1972,
title={A calculation procedure for heat, mass and momentum transfer in three-dimensional parabolic flows},
volume={15}, DOI={10.1016/0017-9310(72)90054-3},
number={10},
journal={International Journal of Heat and Mass Transfer},
author={Patankar, S.v and Spalding, D.b},
year={1972},
month={Oct},
pages={1787–1806}}

@misc{khan_delbosc_noakes_summers_2015,
title={Real-time flow simulation of indoor environments using lattice Boltzmann method},
volume={8},
DOI={10.1007/s12273-015-0232-9},
number={4},
journal={Building Simulation},
author={Khan, M. Amirul Islam and Delbosc, Nicolas and Noakes, Catherine J. and Summers, Jonathan},
year={2015},
pages={405–414}}

@article{c4c8c2aa4eea4ba190da55f77965537b,
title = "Computational fluid dynamics in the microcirculation and microfluidics: What role can the lattice Boltzmann method play?",
author = "Joseph O'Connor and Philip Day and Parthasarathi Mandal and Alistair Revell",
year = "2016",
month = "5",
doi = "10.1039/c6ib00009f",
volume = "8",
pages = "589--602",
journal = "Integrative Biology",
issn = "1757-9694",
publisher = "Royal Society of Chemistry",
number = "5",
}

@misc{rosenhead_1931,
title={The Formation of Vortices from a Surface of Discontinuity},
volume={134},
DOI={10.1098/rspa.1931.0189},
number={823},
journal={Proceedings of the Royal Society A: Mathematical, Physical and Engineering Sciences},
author={Rosenhead, L.},
year={1931},
month={Mar},
pages={170–192}}

@book{cottet_koumoutsakos_2008,
place={Cambridge},
title={Vortex methods: theory and practice},
publisher={Cambridge University Press},
author={Cottet, Georges-Henri and Koumoutsakos, Petros D.},
year={2008}}

@article{ELDREDGE2002371,
title = "A Vortex Particle Method for Two-Dimensional Compressible Flow",
journal = "Journal of Computational Physics",
volume = "179",
number = "2",
pages = "371 - 399",
year = "2002",
note = "",
issn = "0021-9991",
doi = "http://dx.doi.org/10.1006/jcph.2002.7060",
url = "http://www.sciencedirect.com/science/article/pii/S0021999102970609",
author = "Jeff D. Eldredge and Tim Colonius and Anthony Leonard",
}

@article{BADEN1990278,
title = "A fast vortex method for computing 2D viscous flow",
journal = "Journal of Computational Physics",
volume = "91",
number = "2",
pages = "278 - 297",
year = "1990",
note = "",
issn = "0021-9991",
doi = "http://dx.doi.org/10.1016/0021-9991(90)90038-3",
url = "http://www.sciencedirect.com/science/article/pii/0021999190900383",
author = "Scott B Baden and Elbridge Gerry Puckett",
}

@article{Lakkis2003435,
title = "Axisymmetric vortex method for low-Mach number, diffusion-controlled combustion ",
journal = "Journal of Computational Physics ",
volume = "184",
number = "2",
pages = "435 - 475",
year = "2003",
note = "",
issn = "0021-9991",
doi = "https://doi.org/10.1016/S0021-9991(02)00030-X",
url = "http://www.sciencedirect.com/science/article/pii/S002199910200030X",
author = "Issam Lakkis and Ahmed F. Ghoniem",
keywords = "Axisymmetric vortex method",
keywords = "Low-Mach number",
keywords = "Diffusion-controlled combustion "
}

@misc{computational_fluid_dynamics_nvidia,
title={Computational Fluid Dynamics (CFD) - GPU Applications},
url={http://www.nvidia.com/object/computational_fluid_dynamics.html},
journal={Computational Fluid Dynamics | NVIDIA},
publisher={Nvidia}
}

@misc{brandvik_pullan_2008,
title={Acceleration of a 3D Euler Solver Using Commodity Graphics Hardware},
volume={46},
DOI={10.2514/6.2008-607},
number={1},
journal={46th AIAA Aerospace Sciences Meeting and Exhibit},
author={Brandvik, Tobias and Pullan, Graham},
year={2008},
month={Jul},
pages={607–617}
}

@misc{barba_1996,
title={Computing high-Reynolds number vortical flows: A highly accurate method with a fully meshless formulation},
DOI={10.1016/b978-044482322-9/50039-6},
journal={Parallel Computational Fluid Dynamics 1995},
author={Barba, L},
year={1996},
pages={305–312}
}

@misc{johnson_patel_1999,
title={Flow past a sphere up to a Reynolds number of 300},
volume={378},
DOI={10.1017/s0022112098003206},
journal={Journal of Fluid Mechanics},
author={Johnson, T. A. and Patel, V. C.},
year={1999},
month={Oct},
pages={19–70}
}

@misc{xu_1999,
title={A vortex method for separated flow around an airfoil with a detached spoiler},
volume={23},
DOI={10.1007/s004660050408},
number={3},
journal={Computational Mechanics},
author={Xu, Cheng},
year={1999},
pages={271–278}
}

@misc{liu_2001,
title={A three-dimensional vortex particle-in-cell method for vortex motions in the vicinity of a wall},
volume={37},
DOI={10.1002/fld.180},
number={5},
journal={International Journal for Numerical Methods in Fluids},
author={Liu, Chung Ho},
year={2001},
pages={501–523}
}

@misc{barnes_hut_1986,
title={A hierarchical O(N log N) force-calculation algorithm},
volume={324},
DOI={10.1038/324446a0},
number={6096},
journal={Nature},
author={Barnes, Josh and Hut, Piet},
year={1986},
month={Apr},
pages={446–449}
}