%http://www.ode.org/old_list_archives/2002-April/005189.html